

@Misc{noll201x,
  author = 	 {S. Noll and R. Furrer and B. Reiser and Nakas, C. T.},
  title = 	 {Inference in {ROC} surface analysis via a trinormal model-based testing approach},
  year = 	 {2018},
  howpublished = {submitted},
}

@article{bantis2017,
author = {Leonidas E Bantis and Christos T Nakas and Benjamin Reiser and Daniel Myall and John C Dalrymple-Alford},
year = {2017},
title ={Construction of joint confidence regions for the optimal true class fractions of Receiver Operating Characteristic (ROC) surfaces and manifolds},
journal = {Statistical Methods in Medical Research},
volume = {26},
number = {3},
pages = {1429-1442},
doi = {10.1177/0962280215581694},
note ={PMID: 25911331},
URL = {https://doi.org/10.1177/0962280215581694},
eprint = {https://doi.org/10.1177/0962280215581694}
}


@article{nakas2014,
  title={Developments in {ROC} surface analysis and assessment of diagnostic markers in three-class classification problems},
  year={2014},
  author={Nakas, C. T.},
  journal={REVSTAT--Statistical Journal},
  volume={12},
  number={1},
  pages={43--65}
}

@article{box1964,
  title={An analysis of transformations},
  author={Box, G. E. P. and Cox, D. R.},
  year={1964},
  journal={Journal of the Royal Statistical Society. Series B},
  volume={26},
  pages={211--252},
}



@article {nakas2004,
author = {Nakas, C. T. and Yiannoutsos, C. T.},
title = {Ordered multiple-class {ROC} analysis with continuous measurements},
year = {2004},
journal = {Statistics in Medicine},
volume = {23},
number = {22},
doi = {10.1002/sim.1917},
pages = {3437--3449},
keywords = {ROC analysis, diagnostic testing, U-statistics, bootstrap, neuropsychological testing}
}

@article{nakas2007,
  title={ROC graphs for assessing the ability of a diagnostic marker to detect three disease classes with an umbrella ordering},
  author={Nakas, Christos T. and Alonzo, Todd A.},
  year={2007},
  journal={Biometrics},
  volume={63},
  number={2},
  pages={603--609},
  publisher={Wiley Online Library}
}




@article {xiong2007,
author = {Xiong, C. and van Belle, G. and Miller, J. P. and Yan, Y. and  Gao, F. and  Yu, K. and Morris, J. C.},
title = {A parametric comparison of diagnostic accuracy with three ordinal diagnostic groups},
year = {2007},
journal = {Biometrical Journal},
volume = {49},
number = {5},
doi = {10.1002/bimj.200610359},
pages = {682--693},
}


